@book{Alt,
  author = {Alt, H.W.},
  title = {Lineare {F}unktionalanalysis},
  note = {Eine anwendungsorientierte Einf\"uhrung},
  publisher = {Springer-Verlag},
  edition = {Sixth},
  year = {2012},
  ISBN = {3-540-43947-1},
  pages = {464}
}