@book {ErnGuermond,
    AUTHOR = {Ern, Alexandre and Guermond, Jean-Luc},
     TITLE = {Theory and practice of finite elements},
    SERIES = {Applied Mathematical Sciences},
    VOLUME = {159},
 PUBLISHER = {Springer-Verlag, New York},
      YEAR = {2004},
     PAGES = {xiv+524},
      ISBN = {0-387-20574-8},
   MRCLASS = {65-02 (65M60 65N30 74S05 76M10 78M10)},
  MRNUMBER = {2050138 (2005d:65002)},
MRREVIEWER = {R. S. Anderssen},
       DOI = {10.1007/978-1-4757-4355-5},
       URL = {http://dx.doi.org/10.1007/978-1-4757-4355-5},
}

@book {Yosida,
    AUTHOR = {Yosida, K{\=o}saku},
     TITLE = {Functional analysis},
    SERIES = {Classics in Mathematics},
      NOTE = {Reprint of the sixth (1980) edition},
 PUBLISHER = {Springer-Verlag, Berlin},
      YEAR = {1995},
     PAGES = {xii+501},
      ISBN = {3-540-58654-7},
   MRCLASS = {46-01 (47-01)},
  MRNUMBER = {1336382 (96a:46001)},
}