@book {AltNO,
    AUTHOR = {Alt, Walter},
     TITLE = {Nichtlineare {O}ptimierung},
    SERIES = {Vieweg Studium: Aufbaukurs Mathematik. [Vieweg Studies:
              Mathematics Course]},
      NOTE = {Eine Einf{\"u}hrung in Theorie, Verfahren und Anwendungen. [An
              introduction to theory, procedures and applications]},
 PUBLISHER = {Friedr. Vieweg \& Sohn, Braunschweig},
      YEAR = {2002},
     PAGES = {xiv+316},
      ISBN = {3-528-03193-X},
   MRCLASS = {90-01 (90C30 90C55)},
  MRNUMBER = {1927107 (2003h:90001)},
MRREVIEWER = {Hubertus Th. Jongen},
       DOI = {10.1007/978-3-322-84904-5},
       URL = {http://dx.doi.org/10.1007/978-3-322-84904-5},
}

@book {Evans,
    AUTHOR = {Evans, Lawrence C.},
     TITLE = {Partial differential equations},
    SERIES = {Graduate Studies in Mathematics},
    VOLUME = {19},
   EDITION = {Second},
 PUBLISHER = {American Mathematical Society, Providence, RI},
      YEAR = {2010},
     PAGES = {xxii+749},
      ISBN = {978-0-8218-4974-3},
   MRCLASS = {35-01},
  MRNUMBER = {2597943 (2011c:35002)},
MRREVIEWER = {Diego M. Maldonado},
       DOI = {10.1090/gsm/019},
       URL = {http://dx.doi.org/10.1090/gsm/019},
}

@book {Ciarlet,
    AUTHOR = {Ciarlet, Philippe G.},
     TITLE = {The finite element method for elliptic problems},
    SERIES = {Classics in Applied Mathematics},
    VOLUME = {40},
      NOTE = {Reprint of the 1978 original [North-Holland, Amsterdam;
              MR0520174 (58 \#25001)]},
 PUBLISHER = {Society for Industrial and Applied Mathematics (SIAM),
              Philadelphia, PA},
      YEAR = {2002},
     PAGES = {xxviii+530},
      ISBN = {0-89871-514-8},
   MRCLASS = {65N30 (65-02 65N15 74G15 74S05)},
  MRNUMBER = {1930132},
       DOI = {10.1137/1.9780898719208},
       URL = {http://dx.doi.org/10.1137/1.9780898719208},
}

@book {HinzePinnauUlbrich,
    AUTHOR = {Hinze, M. and Pinnau, R. and Ulbrich, M. and Ulbrich, S.},
     TITLE = {Optimization with {PDE} constraints},
    SERIES = {Mathematical Modelling: Theory and Applications},
    VOLUME = {23},
 PUBLISHER = {Springer, New York},
      YEAR = {2009},
     PAGES = {xii+270},
      ISBN = {978-1-4020-8838-4},
   MRCLASS = {49-02 (35Q93 49J20 49J27 90C48)},
  MRNUMBER = {2516528 (2010h:49002)},
}

@book {TroeltzschEN,
    AUTHOR = {Tr{\"o}ltzsch, Fredi},
     TITLE = {Optimal control of partial differential equations},
    SERIES = {Graduate Studies in Mathematics},
    VOLUME = {112},
      NOTE = {Theory, methods and applications,
              Translated from the 2005 German original by J{\"u}rgen
              Sprekels},
 PUBLISHER = {American Mathematical Society, Providence, RI},
      YEAR = {2010},
     PAGES = {xvi+399},
      ISBN = {978-0-8218-4904-0},
   MRCLASS = {49-02 (35J61 35K59 49J20 49K20 93C20)},
  MRNUMBER = {2583281 (2011h:49004)},
MRREVIEWER = {Irena Lasiecka},
       DOI = {10.1090/gsm/112},
       URL = {http://dx.doi.org/10.1090/gsm/112},
}

@book {Troeltzsch,
    AUTHOR = {Tr{\"o}ltzsch, Fredi},
     TITLE = {Optimale Steuerung partieller Differentialgleichungen: Theorie, Verfahren und Anwendungen},
      NOTE = {Theorie, Verfahren und Anwendungen},
 PUBLISHER = {Vieweg+Teubner},
      YEAR = {2010},
     PAGES = {x+303},
      ISBN = {978-3-8348-0885-1},
}