@book {KorteVygen,
    AUTHOR = {Korte, Bernhard and Vygen, Jens},
     TITLE = {Combinatorial optimization},
    SERIES = {Algorithms and Combinatorics},
    VOLUME = {21},
   EDITION = {Fifth},
      NOTE = {Theory and algorithms},
 PUBLISHER = {Springer, Heidelberg},
      YEAR = {2012},
     PAGES = {xx+659},
      ISBN = {978-3-642-24487-2},
   MRCLASS = {90-01 (05B35 05C85 68Q25 68W25 68W40 90C27 90C35)},
  MRNUMBER = {2850465},
       DOI = {10.1007/978-3-642-24488-9},
       URL = {http://dx.doi.org/10.1007/978-3-642-24488-9},
}

@book {CormenLeiserson,
    AUTHOR = {Cormen, Thomas H. and Leiserson, Charles E. and Rivest, Ronald
              L. and Stein, Clifford},
     TITLE = {Introduction to algorithms},
   EDITION = {Third},
 PUBLISHER = {MIT Press, Cambridge, MA},
      YEAR = {2009},
     PAGES = {xx+1292},
      ISBN = {978-0-262-03384-8},
   MRCLASS = {68-01 (05-01 05C85 68P05 68P10 68Q25 68Wxx)},
  MRNUMBER = {2572804 (2010j:68001)},
}

@book {GareyJohnson,
    AUTHOR = {Garey, Michael R. and Johnson, David S.},
     TITLE = {Computers and intractability},
      NOTE = {A guide to the theory of NP-completeness,
              A Series of Books in the Mathematical Sciences},
 PUBLISHER = {W. H. Freeman and Co., San Francisco, Calif.},
      YEAR = {1979},
     PAGES = {x+338},
      ISBN = {0-7167-1045-5},
   MRCLASS = {68C25 (03D15)},
  MRNUMBER = {519066 (80g:68056)},
MRREVIEWER = {Pavel Pudl{\'a}k},
}

@book {Vazirani,
    AUTHOR = {Vazirani, Vijay V.},
     TITLE = {Approximation algorithms},
 PUBLISHER = {Springer-Verlag, Berlin},
      YEAR = {2001},
     PAGES = {xx+378},
      ISBN = {3-540-65367-8},
   MRCLASS = {68-02 (68Q17 68Q25 68W25 90Cxx)},
  MRNUMBER = {1851303 (2002h:68001)},
MRREVIEWER = {Mark R. Jerrum},
}

@book{JansenMargraf,
	author = {Jansen, Klaus and Margraf, Marian},
	title = {Approximative Algorithmen und Nichtapproximierbarkeit},
	publisher = {de Gruyter},
	year = {2008},
	ISBN = {3-110-20316-2},
	PAGES = {501}
}