@BOOK{Hochstadt,
	author = {Harry Hochstadt},
	title = {Integral equations},
	publisher = {Wiley},
	year = {1973}
}