@book{Alt,
  author = {Alt, H.W.},
  title = {Lineare {F}unktionalanalysis},
  note = {Eine anwendungsorientierte Einf\"uhrung},
  publisher = {Springer-Verlag},
  edition = {Sixth},
  year = {2012},
  ISBN = {3-540-43947-1},
  pages = {464}
}

@book{Ljusternik,
  title={L.A. Ljusternik [u.] W.J. Sobolew. Elemente der Funktionalanalysis (Elementy funkcional' nogo analiza, dt.) Mit 4 Abb. 3., unver{\"a}nd},
  author={Ljusternik, L.A. and Sobolev, V.I.},
  year={1965}
}

@book{Ioffe,
  title={Theorie der Extremalaufgaben},
  author={Ioffe, A.D. and Tichomirov, V.M.},
  year={1979},
  publisher={Dt. Verlag der Wiss.}
}

