@book {ErnGuermond,
    AUTHOR = {Ern, Alexandre and Guermond, Jean-Luc},
     TITLE = {Theory and practice of finite elements},
    SERIES = {Applied Mathematical Sciences},
    VOLUME = {159},
 PUBLISHER = {Springer-Verlag, New York},
      YEAR = {2004},
     PAGES = {xiv+524}, 
      ISBN = {0-387-20574-8},
   MRCLASS = {65-02 (65M60 65N30 74S05 76M10 78M10)},
  MRNUMBER = {2050138 (2005d:65002)},
MRREVIEWER = {R. S. Anderssen},
       DOI = {10.1007/978-1-4757-4355-5},
       URL = {http://dx.doi.org/10.1007/978-1-4757-4355-5},
}

@book {Yosida,
    AUTHOR = {Yosida, K{\=o}saku},
     TITLE = {Functional analysis},
    SERIES = {Classics in Mathematics},
      NOTE = {Reprint of the sixth (1980) edition},
 PUBLISHER = {Springer-Verlag, Berlin},
      YEAR = {1995},
     PAGES = {xii+501},
      ISBN = {3-540-58654-7},
   MRCLASS = {46-01 (47-01)},
  MRNUMBER = {1336382 (96a:46001)},
}

@book {Braess,
    AUTHOR = {Braess, Dietrich},
     TITLE = {{F}inite {E}lemente},
   EDITION = {Fünfte {A}uflage},
      NOTE = {{T}heorie, {S}chnelle {L}öser und {A}nwendungen in der {E}lastizitätstheorie},
 PUBLISHER = {Springer},
      YEAR = {2013},
     PAGES = {xvi+369},
      ISBN = {978-3-642-34796-2}
}

@book {Grisvard,
    AUTHOR = {Grisvard, Pierre},
     TITLE = {Elliptic problems in nonsmooth domains},
    SERIES = {Monographs and Studies in Mathematics},
    VOLUME = {24},
 PUBLISHER = {Pitman (Advanced Publishing Program), Boston, MA},
      YEAR = {1985},
     PAGES = {xiv+410},
      ISBN = {0-273-08647-2},
   MRCLASS = {35J25 (35-02)},
  MRNUMBER = {775683 (86m:35044)},
MRREVIEWER = {P. Szeptycki},
}

@Book {Evans,
   title = {Partial Differential Equations},
   year = {1998},
   volume = {19},
   publisher = {American Mathematical Society},
   address = {Providence, Rhode Island},
   series = {Graduate Studies in Mathematics},
   ISBN = {0-8218-0772-2},
   in_library = {1},
   author = {Evans, Lawrence C.}
}

@Book{Joly,
    author={Patrick Joly },
    title={Variational methods for time-dependent wave propagation 
           problems. },
    publisher={Springer, Berlin },
    year={2003 },
    volume={31 },
    series={Topics in computational wave propagation },
    pages={201--264},
}
